@article {Novoselov2004,
	author = {Novoselov, K.~S. and Geim, A.~K. and Morozov, S.~V. and Jiang, D. and Zhang, Y. and Dubonos, S.~V. and Grigorieva, I.~V. and Firsov, A.~A.},
	title = {Electric Field Effect in Atomically Thin Carbon Films},
	volume = {306},
	number = {5696},
	pages = {666--669},
	year = {2004},
	doi = {10.1126/science.1102896},
	publisher = {American Association for the Advancement of Science},
	issn = {0036-8075},
	URL = {http://science.sciencemag.org/content/306/5696/666},
	eprint = {http://science.sciencemag.org/content/306/5696/666.full.pdf},
	journal = {Science}
}


@article {Baughman2002,
	author = {Baughman, R.~H. and Zakhidov, A. A. and de Heer, W.~A.},
	title = {Carbon Nanotubes--the Route Toward Applications},
	volume = {297},
	number = {5582},
	pages = {787--792},
	year = {2002},
	doi = {10.1126/science.1060928},
	publisher = {American Association for the Advancement of Science},
	issn = {0036-8075},
	URL = {http://science.sciencemag.org/content/297/5582/787},
	eprint = {http://science.sciencemag.org/content/297/5582/787.full.pdf},
	journal = {Science}
}


@article{Fiori2014, title={Electronics based on two-dimensional materials}, url={https://www.nature.com/articles/nnano.2014.207}, journal={Nature News}, publisher={Nature Publishing Group}, author={Fiori, G. and Bonaccorso, F. and Iannaccone, G. and Palacios, T.and Neumaier, D. and Seabaugh, A. and Banerjee, S.~K. and Colombo, L.}, year={2014}, month={Oct}}

@article{Niu1997,
author = {Niu,C. and Sichel,E.~K.  and Hoch,R.  and Moy,D.  and Tennent,H.},
title = {High power electrochemical capacitors based on carbon nanotube electrodes},
journal = {Applied Physics Letters},
volume = {70},
number = {11},
pages = {1480-1482},
year = {1997},
doi = {10.1063/1.118568},
URL = {https://doi.org/10.1063/1.118568},
eprint = {https://doi.org/10.1063/1.118568}
}

@article{Liu2014, title={Charging graphene for energy}, url={https://www.nature.com/articles/nnano.2014.233}, journal={Nature News}, publisher={Nature Publishing Group}, author={Liu, J.}, year={2014}, month={Oct}}



@article{Guo2011,
author = {Xian Guo, C. and Hong Guai, G. and Li, C.},
year = {2011},
month = {05},
pages = {448 - 452},
title = {Graphene Based Materials: Enhancing Solar Energy Harvesting},
volume = {1},
journal = {Advanced Energy Materials},
doi = {10.1002/aenm.201100119}
}

@article{Farrow2009, title={CdSe Quantum Dot Sensitized Solar Cells. Shuttling Electrons Through Stacked Carbon Nanocups}, url={https://pubs.acs.org/doi/10.1021/ja903337c}, journal={ACS Publications}, author={Farrow, B.}, year={2009}}


@article{Arp2016,
author = {Arp, T.~B. and Barlas, Y. and Aji, V. and Gabor, N.~M.},
title = {Natural Regulation of Energy Flow in a Green Quantum Photocell},
journal = {Nano Letters},
volume = {16},
number = {12},
pages = {7461-7466},
year = {2016},
doi = {10.1021/acs.nanolett.6b03136},
    note ={PMID: 27960514},
URL = {https://doi.org/10.1021/acs.nanolett.6b03136},
eprint = {https://doi.org/10.1021/acs.nanolett.6b03136}
}
@article{Hong2014, title={Graphene for displays that bend}, url={https://www.nature.com/articles/nnano.2014.226}, journal={Nature News}, publisher={Nature Publishing Group}, 
author={Ahn, J.~H. and Hong, B.~H.}, year={2014}, month={Oct}}



@article{Drndic2014, title={Sequencing with graphene pores}, volume={9}, DOI={10.1038/nnano.2014.232}, number={10}, journal={Nature Nanotechnology}, author={Drndić, M.}, year={2014}, month={Oct}, pages={743–743}}


@article{Feng2012,
author = {Feng Lu,Hao  and Mokkapati,Sudha  and Fu,Lan  and Jolley,Greg  and Hoe Tan,Hark  and Jagadish,Chennupati },
title = {Plasmonic quantum dot solar cells for enhanced infrared response},
journal = {Applied Physics Letters},
volume = {100},
number = {10},
pages = {103505},
year = {2012},
doi = {10.1063/1.3691917},

URL = { 
        https://doi.org/10.1063/1.3691917
    
},
eprint = { 
        https://doi.org/10.1063/1.3691917
    
}

}


@article{Ren2014, title={The global growth of graphene}, url={https://www.nature.com/articles/nnano.2014.229}, journal={Nature News}, publisher={Nature Publishing Group}, author={Ren, Wencai and Cheng, Hui-Ming}, year={2014}, month={Oct}}